@article{Trossman2017,
  doi = {10.1175/jpo-d-16-0229.1},
  url = {https://doi.org/10.1175/jpo-d-16-0229.1},
  year = {2017},
  month = aug,
  publisher = {American Meteorological Society},
  volume = {47},
  number = {8},
  pages = {1941--1959},
  author = {David S. Trossman and Brian K. Arbic and David N. Straub and James G. Richman and Eric P. Chassignet and Alan J. Wallcraft and Xiaobiao Xu},
  title = {The Role of Rough Topography in Mediating Impacts of Bottom Drag in Eddying Ocean Circulation Models},
  journal = {Journal of Physical Oceanography}
}
@article{Jin2015,
  doi = {10.1007/s10915-015-0124-2},
  url = {https://doi.org/10.1007/s10915-015-0124-2},
  year = {2015},
  month = nov,
  publisher = {Springer Science and Business Media {LLC}},
  volume = {67},
  number = {3},
  pages = {1198--1218},
  author = {Shi Jin and Dongbin Xiu and Xueyu Zhu},
  title = {A Well-Balanced Stochastic Galerkin Method for Scalar Hyperbolic Balance Laws with Random Inputs},
  journal = {Journal of Scientific Computing}
}
@article{Jin2001,
  doi = {10.1051/m2an:2001130},
  url = {https://doi.org/10.1051/m2an:2001130},
  year = {2001},
  month = jul,
  publisher = {{EDP} Sciences},
  volume = {35},
  number = {4},
  pages = {631--645},
  author = {Shi Jin},
  title = {A steady-state capturing method for hyperbolic systems with geometrical source terms},
  journal = {{ESAIM}: Mathematical Modelling and Numerical Analysis}
}